<record><leader>00000cas a2200000 a 4500</leader><controlfield tag="001">10395755</controlfield><controlfield tag="008">840209d185u186uohuir ne      0    0eng c</controlfield><datafield ind1=" " ind2=" " tag="010"><subfield code="a">sn 84028042 </subfield></datafield><datafield ind1=" " ind2=" " tag="040"><subfield code="a">NPY</subfield><subfield code="b">eng</subfield><subfield code="c">NPY</subfield><subfield code="d">NPX</subfield><subfield code="d">ONP</subfield><subfield code="d">DLC</subfield><subfield code="d">NVF</subfield><subfield code="d">OCLCQ</subfield><subfield code="d">OCLCF</subfield><subfield code="d">OCLCO</subfield></datafield><datafield ind1="1" ind2=" " tag="029"><subfield code="a">AU@</subfield><subfield code="b">000020375325</subfield></datafield><datafield ind1=" " ind2=" " tag="042"><subfield code="a">pcc</subfield></datafield><datafield ind1=" " ind2=" " tag="043"><subfield code="a">n-us-oh</subfield></datafield><datafield ind1="0" ind2=" " tag="130"><subfield code="a">Sandusky tri-weekly register (Sandusky, Ohio : 1853)</subfield></datafield><datafield ind1="1" ind2="0" tag="245"><subfield code="a">Sandusky tri-weekly register.</subfield></datafield><datafield ind1=" " ind2=" " tag="260"><subfield code="a">Sandusky, Ohio :</subfield><subfield code="b">Bill, Cooke &amp; Co.</subfield></datafield><datafield ind1=" " ind2=" " tag="300"><subfield code="a">v.</subfield></datafield><datafield ind1=" " ind2=" " tag="310"><subfield code="a">Triweekly</subfield></datafield><datafield ind1=" " ind2=" " tag="580"><subfield code="a">Weekly ed.: Sandusky weekly register (Sandusky, Ohio : 1851), &lt;1853-1861&gt;.</subfield></datafield><datafield ind1=" " ind2=" " tag="580"><subfield code="a">Daily ed.: Daily commercial register (Sandusky, Ohio), &lt;1853-1862&gt;.</subfield></datafield><datafield ind1=" " ind2=" " tag="588"><subfield code="a">Description based on: Vol. 1, no. 81 (Feb. 8, 1853).</subfield></datafield><datafield ind1=" " ind2="0" tag="651"><subfield code="a">Sandusky (Ohio)</subfield><subfield code="v">Newspapers.</subfield></datafield><datafield ind1=" " ind2="7" tag="655"><subfield code="a">Newspapers.</subfield><subfield code="2">fast</subfield><subfield code="0">(OCoLC)fst01423814</subfield></datafield><datafield ind1=" " ind2="7" tag="651"><subfield code="a">Ohio</subfield><subfield code="z">Sandusky.</subfield><subfield code="2">fast</subfield><subfield code="0">(OCoLC)fst01216369</subfield></datafield><datafield ind1=" " ind2=" " tag="752"><subfield code="a">United States</subfield><subfield code="b">Ohio</subfield><subfield code="c">Erie</subfield><subfield code="d">Sandusky.</subfield></datafield><datafield ind1="1" ind2=" " tag="775"><subfield code="t">Sandusky weekly register (Sandusky, Ohio : 1851)</subfield><subfield code="w">(DLC)sn 84028035</subfield></datafield><datafield ind1="1" ind2=" " tag="775"><subfield code="t">Daily commercial register (Sandusky, Ohio)</subfield><subfield code="w">(DLC)sn 83045104</subfield></datafield><datafield ind1="0" ind2="0" tag="785"><subfield code="t">Tri-weekly commercial register</subfield><subfield code="w">(DLC)sn 84028043</subfield></datafield></record>